<?xml version="1.0" encoding="UTF-8"?><collection xmlns="http://www.loc.gov/MARC21/slim"><record><leader>00626nam--2200193-u-4500</leader><controlfield tag="001">000054910</controlfield><controlfield tag="002">20161230</controlfield><controlfield tag="005">20170118220402</controlfield><controlfield tag="008">120703s1000------------r-----000-0-eng-d</controlfield><datafield ind1=" " ind2=" " tag="020"><subfield code="a">0306350858</subfield></datafield><datafield ind1=" " ind2=" " tag="040"><subfield code="a">IFIN-HH</subfield></datafield><datafield ind1=" " ind2=" " tag="080"><subfield code="a">539.183.2(061.3):53.081(061.3)</subfield></datafield><datafield ind1="1" ind2=" " tag="100"><subfield code="a">Sanders, J. H</subfield></datafield><datafield ind1="1" ind2="0" tag="245"><subfield code="a">Atomic masses and fundamental constants 5</subfield><subfield code="b">International Conference on Atomic Masses and Fundamental Constants, 5th, Paris, 1975</subfield><subfield code="c">H.J. Sanders, A.H. Wapstra (eds.)</subfield></datafield><datafield ind1=" " ind2=" " tag="260"><subfield code="a">New York</subfield><subfield code="b">Plenum Press</subfield><subfield code="c">1976</subfield></datafield><datafield ind1=" " ind2=" " tag="300"><subfield code="a">681 p</subfield></datafield><datafield ind1="1" ind2=" " tag="700"><subfield code="a">Wapstra, A. H</subfield><subfield code="e">Ed</subfield></datafield><datafield ind1=" " ind2=" " tag="852"><subfield code="a">42038</subfield><subfield code="c">539.18</subfield></datafield><datafield ind1=" " ind2=" " tag="CAT"><subfield code="a">SYS</subfield><subfield code="c">20170118</subfield><subfield code="h">220402</subfield></datafield></record></collection>